@misc{cap_theorem,
  author = {Akhil Mehra},
  title = {Understanding the CAP Theorem},
  year = "2017",
  howpublished = "\url{https://dzone.com/articles/understanding-the-cap-theorem}",
  note = {accessed 3-May-2018}
}

@article{paxos,
  title={The part-time parliament},
  author={Lamport, Leslie},
  journal={ACM Transactions on Computer Systems (TOCS)},
  volume={16},
  number={2},
  pages={133--169},
  year={1998},
  publisher={ACM}
}

@phdthesis{raft_phd_thesis,
  title={Consensus: Bridging theory and practice},
  author={Ongaro, Diego},
  year={2014},
  school={Stanford University},
  note="\url{https://raft.github.io/}"
}

@misc{raft_github,
  title = {The Raft Consensus Algorithm},
  author = {Ongaro, Diego},
  year = "2013",
  howpublished = "\url{https://raft.github.io/}",
  note = {accessed 3-May-2018}
}
